<?xml version="1.0" encoding="UTF-8"?><record xmlns="http://www.loc.gov/MARC21/slim" xmlns:cinclude="http://apache.org/cocoon/include/1.0" xmlns:zs="http://www.loc.gov/zing/srw/">
  <leader>00355cz  a2200121n  4500</leader>
  <controlfield tag="001">n  82154952 </controlfield>
  <controlfield tag="003">DLC</controlfield>
  <controlfield tag="005">19900621101754.0</controlfield>
  <controlfield tag="008">830209n| acannaab|          |n aaa |||  </controlfield>
  <datafield tag="010" ind1=" " ind2=" ">
    <subfield code="a">n  82154952 </subfield>
  </datafield>
  <datafield tag="040" ind1=" " ind2=" ">
    <subfield code="a">DLC</subfield>
    <subfield code="c">DLC</subfield>
    <subfield code="d">DLC</subfield>
  </datafield>
  <datafield tag="100" ind1="1" ind2="0">
    <subfield code="a">VaĚgslid, Eivind,</subfield>
    <subfield code="d">1897-</subfield>
  </datafield>
  <datafield tag="670" ind1=" " ind2=" ">
    <subfield code="a">His Norske skrivarar i millomalderen, 1989:</subfield>
    <subfield code="b">t.p. (Eivind VaĚgslid) p. 4 cov. (d. 1986)</subfield>
  </datafield>
</record>